@book{torge2012geodesy,
  title={Geodesy},
  author={Torge, Wolfgang and M{\"u}ller, J{\"u}rgen},
  year={2012},
  publisher={Walter de Gruyter}
}
@techreport{lu2014geodesy,
	title={Geodesy},
	author={Lu, Zhiping and Qiao, Shubo and Qu, Yunying},
	year={2014},
	institution={Springer}
}
@techreport{nicoPhysicalgeodesy,
	title={Physical Geodesy},
	author={Nico Sneeuw},
	year={2006},
	institution={University of Stuttgart}
}